@article{dmitriev2016laser,
  title={Laser fabrication of crystalline silicon nanoresonators from an amorphous film for low-loss all-dielectric nanophotonics},
  author={Dmitriev, PA and Makarov, SV and Milichko, VA and Mukhin, IS and Gudovskikh, AS and Sitnikova, AA and Samusev, AK and Krasnok, AE and Belov, PA},
  journal={Nanoscale},
  volume={8},
  number={9},
  pages={5043--5048},
  year={2016},
  publisher={Royal Society of Chemistry}
}

@article{dmitriev2016resonant,
  title={Resonant Raman scattering from silicon nanoparticles enhanced by magnetic response},
  author={Dmitriev, Pavel A and Baranov, Denis G and Milichko, Valentin A and Makarov, Sergey V and Mukhin, Ivan S and Samusev, Anton K and Krasnok, Alexander E and Belov, Pavel A and Kivshar, Yuri S},
  journal={Nanoscale},
  volume={8},
  number={18},
  pages={9721--9726},
  year={2016},
  publisher={Royal Society of Chemistry}
}

@inproceedings{krasnok2015towards,
  title={Towards all-dielectric metamaterials and nanophotonics},
  author={Krasnok, Alexander and Makarov, Sergey and Petrov, Mikhail and Savelev, Roman and Belov, Pavel and Kivshar, Yuri},
  booktitle={SPIE Optics+ Optoelectronics},
  pages={950203--950203},
  year={2015},
  organization={International Society for Optics and Photonics}
}

@article{kuznetsov2012magnetic,
  title={Magnetic light},
  author={Kuznetsov, Arseniy I and Miroshnichenko, Andrey E and Fu, Yuan Hsing and Zhang, JingBo and Luk’yanchuk, Boris},
  journal={Scientific reports},
  volume={2},
  year={2012},
  publisher={Nature Publishing Group}
}
%
%
%
@article{popa2008compact,
  title={Compact dielectric particles as a building block for low-loss magnetic metamaterials},
  author={Popa, Bogdan-Ioan and Cummer, Steven A},
  journal={Physical review letters},
  volume={100},
  number={20},
  pages={207401},
  year={2008},
  publisher={APS}
}
@article{zhao2009mie,
  title={Mie resonance-based dielectric metamaterials},
  author={Zhao, Qian and Zhou, Ji and Zhang, Fuli and Lippens, Didier},
  journal={Materials Today},
  volume={12},
  number={12},
  pages={60--69},
  year={2009},
  publisher={Elsevier}
}

@article{evlyukhin2010optical,
  title={Optical response features of Si-nanoparticle arrays},
  author={Evlyukhin, Andrey B and Reinhardt, Carsten and Seidel, Andreas and Luk’yanchuk, Boris S and Chichkov, Boris N},
  journal={Physical Review B},
  volume={82},
  number={4},
  pages={045404},
  year={2010},
  publisher={APS}
}

@article{garcia2011strong,
  title={Strong magnetic response of submicron silicon particles in the infrared},
  author={Garc{\'\i}a-Etxarri, Aitzol and G{\'o}mez-Medina, R and Froufe-P{\'e}rez, Luis S and L{\'o}pez, Cefe and Chantada, L and Scheffold, Frank and Aizpurua, J and Nieto-Vesperinas, M and S{\'a}enz, Juan Jos{\'e}},
  journal={Optics express},
  volume={19},
  number={6},
  pages={4815--4826},
  year={2011},
  publisher={Optical Society of America}
}

@article{krasnok2012all,
  title={All-dielectric optical nanoantennas},
  author={Krasnok, Alexander E and Miroshnichenko, Andrey E and Belov, Pavel A and Kivshar, Yuri S},
  journal={Optics Express},
  volume={20},
  number={18},
  pages={20599--20604},
  year={2012},
  publisher={Optical Society of America}
}

@article{ginn2012realizing,
  title={Realizing optical magnetism from dielectric metamaterials},
  author={Ginn, James C and Brener, Igal and Peters, David W and Wendt, Joel R and Stevens, Jeffrey O and Hines, Paul F and Basilio, Lorena I and Warne, Larry K and Ihlefeld, Jon F and Clem, Paul G and others},
  journal={Physical review letters},
  volume={108},
  number={9},
  pages={097402},
  year={2012},
  publisher={APS}
}

@article{fu2012directional,
  title={Directional visible light scattering by silicon nanoparticles},
  author={Fu, Yuan Hsing and Kuznetsov, Arseniy I and Miroshnichenko, Andrey E and Yu, Ye Feng and Lukiyanchuk, Boris},
  journal={Physical Review Letters},
  year={2012}
}

@article{albella2013low,
  title={Low-loss electric and magnetic field-enhanced spectroscopy with subwavelength silicon dimers},
  author={Albella, Pablo and Poyli, M Ameen and Schmidt, Mikolaj K and Maier, Stefan A and Moreno, Fernando and Sáenz, Juan José and Aizpurua, Javier},
  journal={The Journal of Physical Chemistry C},
  volume={117},
  number={26},
  pages={13573--13584},
  year={2013},
  publisher={ACS Publications}
}

@article{zambrana2015purcell,
  title={Purcell factor of spherical Mie resonators},
  author={Zambrana-Puyalto, Xavier and Bonod, Nicolas},
  journal={Physical Review B},
  volume={91},
  number={19},
  pages={195422},
  year={2015},
  publisher={APS}
}

@article{bakker2015magnetic,
  title={Magnetic and electric hotspots with silicon nanodimers},
  author={Bakker, Reuben M and Permyakov, Dmitry and Yu, Ye Feng and Markovich, Dmitry and Paniagua-Dom{\'\i}nguez, Ram{\'o}n and Gonzaga, Leonard and Samusev, Anton and Kivshar, Yuri and Luk’yanchuk, Boris and Kuznetsov, Arseniy I},
  journal={Nano Letters},
  volume={15},
  number={3},
  pages={2137--2142},
  year={2015},
  publisher={ACS Publications}
}

@article{caldarola2015non,
  title={Non-plasmonic nanoantennas for surface enhanced spectroscopies with ultra-low heat conversion},
  author={Caldarola, Mart{\'\i}n and Albella, Pablo and Cort{\'e}s, Emiliano and Rahmani, Mohsen and Roschuk, Tyler and Grinblat, Gustavo and Oulton, Rupert F and Bragas, Andrea V and Maier, Stefan A},
  journal={Nature communications},
  volume={6},
  year={2015},
  publisher={Nature Research}
}

@article{spinelli2012broadband,
  title={Broadband omnidirectional antireflection coating based on subwavelength surface Mie resonators},
  author={Spinelli, P and Verschuuren, MA and Polman, A},
  journal={Nature communications},
  volume={3},
  pages={692},
  year={2012},
  publisher={Nature Publishing Group}
}

@article{moitra2014experimental,
  title={Experimental demonstration of a broadband all-dielectric metamaterial perfect reflector},
  author={Moitra, Parikshit and Slovick, Brian A and Gang Yu, Zhi and Krishnamurthy, S and Valentine, Jason},
  journal={Applied Physics Letters},
  volume={104},
  number={17},
  pages={171102},
  year={2014},
  publisher={AIP}
}

@article{decker2015high,
  title={High-efficiency dielectric Huygens’ surfaces},
  author={Decker, Manuel and Staude, Isabelle and Falkner, Matthias and Dominguez, Jason and Neshev, Dragomir N and Brener, Igal and Pertsch, Thomas and Kivshar, Yuri S},
  journal={Advanced Optical Materials},
  volume={3},
  number={6},
  pages={813--820},
  year={2015},
  publisher={Wiley Online Library}
}

@article{yu2015high,
  title={High-transmission dielectric metasurface with 2$\pi$ phase control at visible wavelengths},
  author={Yu, Ye Feng and Zhu, Alexander Y and Paniagua-Dom{\'\i}nguez, Ram{\'o}n and Fu, Yuan Hsing and Luk'yanchuk, Boris and Kuznetsov, Arseniy I},
  journal={Laser \& Photonics Reviews},
  volume={9},
  number={4},
  pages={412--418},
  year={2015},
  publisher={Wiley Online Library}
}

@article{krasnok2014superdirective,
  title={Superdirective dielectric nanoantennas},
  author={Krasnok, Alexander E and Simovski, Constantin R and Belov, Pavel A and Kivshar, Yuri S},
  journal={Nanoscale},
  volume={6},
  number={13},
  pages={7354--7361},
  year={2014},
  publisher={Royal Society of Chemistry}
}

@article{krasnok2014experimental,
  title={Experimental demonstration of superdirective dielectric antenna},
  author={Krasnok, Alexander E and Filonov, Dmitry S and Simovski, Constantin R and Kivshar, Yuri S and Belov, Pavel A},
  journal={Applied Physics Letters},
  volume={104},
  number={13},
  pages={133502},
  year={2014},
  publisher={AIP}
}

@article{shcherbakov2014enhanced,
  title={Enhanced third-harmonic generation in silicon nanoparticles driven by magnetic response},
  author={Shcherbakov, Maxim R and Neshev, Dragomir N and Hopkins, Ben and Shorokhov, Alexander S and Staude, Isabelle and Melik-Gaykazyan, Elizaveta V and Decker, Manuel and Ezhov, Alexander A and Miroshnichenko, Andrey E and Brener, Igal and others},
  journal={Nano letters},
  volume={14},
  number={11},
  pages={6488--6492},
  year={2014},
  publisher={ACS Publications}
}

@article{makarov2015tuning,
  title={Tuning of magnetic optical response in a dielectric nanoparticle by ultrafast photoexcitation of dense electron--hole plasma},
  author={Makarov, Sergey and Kudryashov, Sergey and Mukhin, Ivan and Mozharov, Alexey and Milichko, Valentin and Krasnok, Alexander and Belov, Pavel},
  journal={Nano letters},
  volume={15},
  number={9},
  pages={6187--6192},
  year={2015},
  publisher={ACS Publications}
}

@book{palik1998handbook,
  title={Handbook of optical constants of solids},
  author={Palik, Edward D},
  volume={3},
  year={1998},
  publisher={Academic press}
}

@article{shi2012new,
  title={A New Dielectric Metamaterial Building Block with a Strong Magnetic Response in the Sub-1.5-Micrometer Region: Silicon Colloid Nanocavities},
  author={Shi, Lei and Tuzer, T Umut and Fenollosa, Roberto and Meseguer, Francisco},
  journal={Advanced materials},
  volume={24},
  number={44},
  pages={5934--5938},
  year={2012},
  publisher={Wiley Online Library}
}

@article{abbarchi2014wafer,
  title={Wafer scale formation of monocrystalline silicon-based mie resonators via silicon-on-insulator dewetting},
  author={Abbarchi, Marco and Naffouti, Meher and Vial, Benjamin and Benkouider, Abdelmalek and Lermusiaux, Laurent and Favre, Luc and Ronda, Antoine and Bidault, S{\'e}bastien and Berbezier, Isabelle and Bonod, Nicolas},
  journal={ACS nano},
  volume={8},
  number={11},
  pages={11181--11190},
  year={2014},
  publisher={ACS Publications}
}

@article{zywietz2014laser,
  title={Laser printing of silicon nanoparticles with resonant optical electric and magnetic responses},
  author={Zywietz, Urs and Evlyukhin, Andrey B and Reinhardt, Carsten and Chichkov, Boris N},
  journal={Nature communications},
  volume={5},
  year={2014},
  publisher={Nature Publishing Group}
}

@article{koster1978crystallization,
  title={Crystallization of amorphous silicon films},
  author={K{\"o}ster, U},
  journal={Physica status solidi (a)},
  volume={48},
  number={2},
  pages={313--321},
  year={1978},
  publisher={Wiley Online Library}
}

@article{chimmalgi2005nanoscale,
  title={Nanoscale rapid melting and crystallization of semiconductor thin films},
  author={Chimmalgi, Anant and Hwang, David J and Grigoropoulos, Costas P},
  journal={Nano letters},
  volume={5},
  number={10},
  pages={1924--1930},
  year={2005},
  publisher={ACS Publications}
}

@article{liu1982simple,
  title={Simple technique for measurements of pulsed Gaussian-beam spot sizes},
  author={Liu, JM},
  journal={Optics letters},
  volume={7},
  number={5},
  pages={196--198},
  year={1982},
  publisher={Optical Society of America}
}

@article{de1996micro,
  title={Micro-Raman spectroscopy to study local mechanical stress in silicon integrated circuits},
  author={De Wolf, Ingrid},
  journal={Semiconductor Science and Technology},
  volume={11},
  number={2},
  pages={139},
  year={1996},
  publisher={IOP Publishing}
}

@article{campbell1986effects,
  title={The effects of microcrystal size and shape on the one phonon Raman spectra of crystalline semiconductors},
  author={Campbell, IH and Fauchet, Ph M},
  journal={Solid State Communications},
  volume={58},
  number={10},
  pages={739--741},
  year={1986},
  publisher={Elsevier}
}

@article{zywietz2014generation,
  title={Generation and patterning of Si nanoparticles by femtosecond laser pulses},
  author={Zywietz, Urs and Reinhardt, Carsten and Evlyukhin, Andrey B and Birr, Tobias and Chichkov, Boris N},
  journal={Applied Physics A},
  volume={114},
  number={1},
  pages={45--50},
  year={2014},
  publisher={Springer}
}

@article{ionin2013thermal,
  title={Thermal melting and ablation of silicon by femtosecond laser radiation},
  author={Ionin, AA and Kudryashov, SI and Seleznev, LV and Sinitsyn, DV and Bunkin, AF and Lednev, VN and Pershin, SM},
  journal={Journal of Experimental and Theoretical Physics},
  volume={116},
  number={3},
  pages={347--362},
  year={2013},
  publisher={Springer}
}

@article{wu2014microscopic,
  title={Microscopic mechanisms of laser spallation and ablation of metal targets from large-scale molecular dynamics simulations},
  author={Wu, Chengping and Zhigilei, Leonid V},
  journal={Applied Physics A},
  volume={114},
  number={1},
  pages={11--32},
  year={2014},
  publisher={Springer}
}

@article{papageorgiou1995breakup,
  title={On the breakup of viscous liquid threads},
  author={Papageorgiou, Demetrios T},
  journal={Physics of Fluids},
  volume={7},
  number={7},
  pages={1529--1544},
  year={1995},
  publisher={AIP}
}

@book{bauerle2013laser,
  title={Laser processing and chemistry},
  author={B{\"a}uerle, Dieter W},
  year={2013},
  publisher={Springer Science \& Business Media}
}

@article{bulgakova2001pulsed,
  title={Pulsed laser ablation of solids: transition from normal vaporization to phase explosion},
  author={Bulgakova, NM and Bulgakov, AV},
  journal={Applied Physics A: Materials Science \& Processing},
  volume={73},
  number={2},
  pages={199--208},
  year={2001},
  publisher={Springer}
}

@article{itina2009molecular,
  title={Molecular dynamics study of the role of material properties on nanoparticles formed by rapid expansion of a heated target},
  author={Itina, Tatiana E},
  journal={Applied Surface Science},
  volume={255},
  number={10},
  pages={5107--5111},
  year={2009},
  publisher={Elsevier}
}

@article{amoruso2004generation,
  title={Generation of silicon nanoparticles via femtosecond laser ablation in vacuum},
  author={Amoruso, S and Bruzzese, R and Spinelli, N and Velotta, R and Vitiello, M and Wang, X and Ausanio, G and Iannotti, V and Lanotte, L},
  journal={Applied Physics Letters},
  volume={84},
  number={22},
  pages={4502--4504},
  year={2004},
  publisher={AIP}
}

@article{tull2006formation,
  title={Formation of silicon nanoparticles and web-like aggregates by femtosecond laser ablation in a background gas},
  author={Tull, BR and Carey, JE and Sheehy, MA and Friend, C and Mazur, E},
  journal={Applied Physics A: Materials Science \& Processing},
  volume={83},
  number={3},
  pages={341--346},
  year={2006},
  publisher={Springer}
}

@article{permyakov2015probing,
  title={Probing magnetic and electric optical responses of silicon nanoparticles},
  author={Permyakov, Dmitry and Sinev, Ivan and Markovich, Dmitry and Ginzburg, Pavel and Samusev, Anton and Belov, Pavel and Valuckas, Vytautas and Kuznetsov, Arseniy I and Luk'yanc, Boris S and Miroshnichenko, Andrey E and others},
  journal={Applied Physics Letters},
  volume={106},
  number={17},
  pages={171110},
  year={2015},
  publisher={AIP Publishing}
}

@article{evlyukhin2012demonstration,
  title={Demonstration of magnetic dipole resonances of dielectric nanospheres in the visible region},
  author={Evlyukhin, Andrey B and Novikov, Sergey M and Zywietz, Urs and Eriksen, René Lynge and Reinhardt, Carsten and Bozhevolnyi, Sergey I and Chichkov, Boris N},
  journal={Nano letters},
  volume={12},
  number={7},
  pages={3749--3755},
  year={2012},
  publisher={ACS Publications}
}

@article{markovich2014magnetic,
  title={Magnetic dipole radiation tailored by substrates: numerical investigation},
  author={Markovich, Dmitry L and Ginzburg, Pavel and Samusev, AK and Belov, Pavel A and Zayats, Anatoly V},
  journal={Optics express},
  volume={22},
  number={9},
  pages={10693--10702},
  year={2014},
  publisher={Optical Society of America}
}

@article{thompson2012solid,
  title={Solid-state dewetting of thin films},
  author={Thompson, Carl V},
  journal={Annual Review of Materials Research},
  volume={42},
  pages={399--434},
  year={2012},
  publisher={Annual Reviews}
}

%
% Raman
%

@book{hayes2012scattering,
  title={Scattering of light by crystals},
  author={Hayes, William and Loudon, Rodney},
  year={2012},
  publisher={Courier Corporation}
}

@article{moskovits1985surface,
  title={Surface-enhanced spectroscopy},
  author={Moskovits, Martin},
  journal={Reviews of modern physics},
  volume={57},
  number={3},
  pages={783},
  year={1985},
  publisher={APS}
}

@incollection{islam2004wideband,
  title={Wideband raman amplifiers},
  author={Islam, Mohammed N and De Wilde, Carl and Kuditcher, Amos},
  booktitle={Raman Amplifiers for Telecommunications 2},
  pages={445--490},
  year={2004},
  publisher={Springer}
}

@article{pask2003design,
  title={The design and operation of solid-state Raman lasers},
  author={Pask, H Ml},
  journal={Progress in Quantum Electronics},
  volume={27},
  number={1},
  pages={3--56},
  year={2003},
  publisher={Elsevier}
}

@article{rodriguez2014silicon,
  title={Silicon nanoparticles as Raman scattering enhancers},
  author={Rodriguez, I and Shi, Lei and Lu, X and Korgel, BA and Alvarez-Puebla, RA and Meseguer, F},
  journal={Nanoscale},
  volume={6},
  number={11},
  pages={5666--5670},
  year={2014},
  publisher={Royal Society of Chemistry}
}

@article{zambrana2015purcell,
  title={Purcell factor of spherical Mie resonators},
  author={Zambrana-Puyalto, Xavier and Bonod, Nicolas},
  journal={Physical Review B},
  volume={91},
  number={19},
  pages={195422},
  year={2015},
  publisher={APS}
}

@article{krasnok2015large,
  title={Large Purcell enhancement without strong field localization},
  author={Krasnok, Alexander and Glybovski, Stanislav and Petrov, Mihail and Makarov, Sergey and Savelev, Roman and Belov, Pavel and Simovski, Constantin and Kivshar, Yuri},
  journal={arXiv preprint arXiv:1506.07276},
  year={2015}
}

@article{shcherbakov2015ultrafast,
  title={Ultrafast all-optical switching with magnetic resonances in nonlinear dielectric nanostructures},
  author={Shcherbakov, Maxim R and Vabishchevich, Polina P and Shorokhov, Alexander S and Chong, Katie E and Choi, Duk-Yong and Staude, Isabelle and Miroshnichenko, Andrey E and Neshev, Dragomir N and Fedyanin, Andrey A and Kivshar, Yuri S},
  journal={Nano letters},
  volume={15},
  number={10},
  pages={6985--6990},
  year={2015},
  publisher={ACS Publications}
}

@article{zhao2009mie,
  title={Mie resonance-based dielectric metamaterials},
  author={Zhao, Qian and Zhou, Ji and Zhang, Fuli and Lippens, Didier},
  journal={Materials Today},
  volume={12},
  number={12},
  pages={60--69},
  year={2009},
  publisher={Elsevier}
}

@article{miroshnichenko2012fano,
  title={Fano resonances in all-dielectric oligomers},
  author={Miroshnichenko, Andrey E and Kivshar, Yuri S},
  journal={Nano letters},
  volume={12},
  number={12},
  pages={6459--6463},
  year={2012},
  publisher={ACS Publications}
}

@article{ginn2012realizing,
  title={Realizing optical magnetism from dielectric metamaterials},
  author={Ginn, James C and Brener, Igal and Peters, David W and Wendt, Joel R and Stevens, Jeffrey O and Hines, Paul F and Basilio, Lorena I and Warne, Larry K and Ihlefeld, Jon F and Clem, Paul G and others},
  journal={Physical review letters},
  volume={108},
  number={9},
  pages={097402},
  year={2012},
  publisher={APS}
}

@article{slobozhanyuk2015subwavelength,
  title={Subwavelength topological edge states in optically resonant dielectric structures},
  author={Slobozhanyuk, Alexey P and Poddubny, Alexander N and Miroshnichenko, Andrey E and Belov, Pavel A and Kivshar, Yuri S},
  journal={Physical review letters},
  volume={114},
  number={12},
  pages={123901},
  year={2015},
  publisher={APS}
}

@article{slovick2013perfect,
  title={Perfect dielectric-metamaterial reflector},
  author={Slovick, Brian and Yu, Zhi Gang and Berding, Marcy and Krishnamurthy, Srini},
  journal={Physical Review B},
  volume={88},
  number={16},
  pages={165116},
  year={2013},
  publisher={APS}
}

@article{savelev2014bending,
  title={Bending of electromagnetic waves in all-dielectric particle array waveguides},
  author={Savelev, Roman S and Filonov, Dmitry S and Kapitanova, Polina V and Krasnok, Alexander E and Miroshnichenko, Andrey E and Belov, Pavel A and Kivshar, Yuri S},
  journal={Applied Physics Letters},
  volume={105},
  number={18},
  pages={181116},
  year={2014},
  publisher={AIP Publishing}
}

@article{mirzaei2015all,
  title={All-dielectric multilayer cylindrical structures for invisibility cloaking},
  author={Mirzaei, Ali and Miroshnichenko, Andrey E and Shadrivov, Ilya V and Kivshar, Yuri S},
  journal={Scientific reports},
  volume={5},
  pages={9574},
  year={2015},
  publisher={Nature Publishing Group}
}

@book{peter2010fundamentals,
  title={Fundamentals of semiconductors: physics and materials properties},
  author={Peter, YU and Cardona, Manuel},
  year={2010},
  publisher={Springer Science \& Business Media}
}

@article{murphy1983enhanced,
  title={Enhanced Raman scattering from silicon microstructures},
  author={Murphy, DV and Brueck, SRJ},
  journal={Optics letters},
  volume={8},
  number={9},
  pages={494--496},
  year={1983},
  publisher={Optical Society of America}
}

@article{liu2003enhanced,
  title={Enhanced-Raman scattering from silicon nanoparticle substrates},
  author={Liu, FM and Ren, B and Wu, JH and Yan, JW and Xue, XF and Mao, BW and Tian, ZQ},
  journal={Chemical physics letters},
  volume={382},
  number={5},
  pages={502--507},
  year={2003},
  publisher={Elsevier}
}

@article{spillane2002ultralow,
  title={Ultralow-threshold Raman laser using a spherical dielectric microcavity},
  author={Spillane, SM and Kippenberg, TJ and Vahala, KJ},
  journal={Nature},
  volume={415},
  number={6872},
  pages={621--623},
  year={2002},
  publisher={Nature Publishing Group}
}

@article{rong2005all,
  title={An all-silicon Raman laser},
  author={Rong, Haisheng and Liu, Ansheng and Jones, Richard and Cohen, Oded and Hak, Dani and Nicolaescu, Remus and Fang, Alexander and Paniccia, Mario},
  journal={Nature},
  volume={433},
  number={7023},
  pages={292--294},
  year={2005},
  publisher={Nature Publishing Group}
}

@article{leuthold2010nonlinear,
  title={Nonlinear silicon photonics},
  author={Leuthold, J and Koos, C and Freude, W},
  journal={Nature Photonics},
  volume={4},
  number={8},
  pages={535},
  year={2010},
  publisher={Nature Publishing Group}
}

@article{meier2006raman,
  title={Raman properties of silicon nanoparticles},
  author={Meier, Cedrik and L{\"u}ttjohann, Stephan and Kravets, Vasyl G and Nienhaus, Hermann and Lorke, Axel and Wiggers, Hartmut},
  journal={Physica E: Low-dimensional Systems and Nanostructures},
  volume={32},
  number={1},
  pages={155--158},
  year={2006},
  publisher={Elsevier}
}

@article{canccado2014theory,
  title={Theory of spatial coherence in near-field Raman scattering},
  author={Can{\c{c}}ado, Luiz Gustavo and Beams, Ryan and Jorio, Ado and Novotny, Lukas},
  journal={Physical Review X},
  volume={4},
  number={3},
  pages={031054},
  year={2014},
  publisher={APS}
}

@article{bohren1983absorption,
  title={Absorption and scattering by a sphere},
  author={Bohren, Craig F and Huffman, Donald R},
  journal={Absorption and Scattering of Light by Small Particles},
  pages={82--129},
  year={1983},
  publisher={Wiley Online Library}
}

@article{ralston1970spontaneous,
  title={Spontaneous-Raman-scattering efficiency and stimulated scattering in silicon},
  author={Ralston, JM and Chang, RK},
  journal={Physical Review B},
  volume={2},
  number={6},
  pages={1858},
  year={1970},
  publisher={APS}
}

@book{ishimaru1991electromagnetic,
  title={Electromagnetic wave propagation, radiation, and scattering},
  author={Ishimaru, Akira},
  year={1991},
  publisher={Prentice-Hall}
}

@article{checoury2010deterministic,
  title={Deterministic measurement of the Purcell factor in microcavities through Raman emission},
  author={Checoury, X and Han, Z and El Kurdi, M and Boucaud, P},
  journal={Physical Review A},
  volume={81},
  number={3},
  pages={033832},
  year={2010},
  publisher={APS}
}

@article{lai1991effect,
  title={Effect of perturbations on the widths of narrow morphology-dependent resonances in Mie scattering},
  author={Lai, HM and Lam, CC and Leung, Peter T and Young, Kenneth},
  journal={JOSA B},
  volume={8},
  number={9},
  pages={1962--1973},
  year={1991},
  publisher={Optical Society of America}
}

@article{vuye1993temperature,
  title={Temperature dependence of the dielectric function of silicon using in situ spectroscopic ellipsometry},
  author={Vuye, G and Fisson, S and Van, V Nguyen and Wang, Y and Rivory, J and Abeles, F},
  journal={Thin Solid Films},
  volume={233},
  number={1-2},
  pages={166--170},
  year={1993},
  publisher={Elsevier}
}

@article{campbell1986effects,
  title={The effects of microcrystal size and shape on the one phonon Raman spectra of crystalline semiconductors},
  author={Campbell, IH and Fauchet, Ph M},
  journal={Solid State Communications},
  volume={58},
  number={10},
  pages={739--741},
  year={1986},
  publisher={Elsevier}
}

@article{zywietz2015electromagnetic,
  title={Electromagnetic resonances of silicon nanoparticle dimers in the visible},
  author={Zywietz, Urs and Schmidt, Mikolaj K and Evlyukhin, Andrey B and Reinhardt, Carsten and Aizpurua, Javier and Chichkov, Boris N},
  journal={ACS Photonics},
  volume={2},
  number={7},
  pages={913--920},
  year={2015},
  publisher={ACS Publications}
}

@article{kuznetsov2010laser,
  title={Laser fabrication of 2D and 3D metal nanoparticle structures and arrays},
  author={Kuznetsov, AI and Kiyan, R and Chichkov, BN},
  journal={Optics express},
  volume={18},
  number={20},
  pages={21198--21203},
  year={2010},
  publisher={Optical Society of America}
}

@article{miroshnichenko2015substrate,
  title={Substrate-induced resonant magnetoelectric effects for dielectric nanoparticles},
  author={Miroshnichenko, Andrey E and Evlyukhin, Andrey B and Kivshar, Yuri S and Chichkov, Boris N},
  journal={ACS Photonics},
  volume={2},
  number={10},
  pages={1423--1428},
  year={2015},
  publisher={ACS Publications}
}

@article{morita1990growth,
  title={Growth of native oxide on a silicon surface},
  author={Morita, M and Ohmi, T and Hasegawa, E and Kawakami, M and Ohwada, M},
  journal={Journal of Applied Physics},
  volume={68},
  number={3},
  pages={1272--1281},
  year={1990},
  publisher={AIP}
}

@phdthesis{ng2000manipulation,
  title={Manipulation of particles on optical waveguides},
  author={Ng, Li Na},
  year={2000},
  school={University of Southampton, Faculty of Engineering and Applied Science}
}

@article{mie1908beitrage,
  title={Beitr{\"a}ge zur Optik tr{\"u}ber Medien, speziell kolloidaler Metall{\"o}sungen},
  author={Mie, Gustav},
  journal={Annalen der physik},
  volume={330},
  number={3},
  pages={377--445},
  year={1908},
  publisher={Wiley Online Library}
}


@article{yurkin2007discrete,
  title={The discrete dipole approximation: an overview and recent developments},
  author={Yurkin, Maxim A and Hoekstra, Alfons G},
  journal={Journal of Quantitative Spectroscopy and Radiative Transfer},
  volume={106},
  number={1},
  pages={558--589},
  year={2007},
  publisher={Elsevier}
}

@article{weiland2001discrete,
  title={Discrete electromagnetism with the finite integration technique},
  author={Weiland, M Clemens T},
  journal={Progress In Electromagnetics Research},
  volume={32},
  pages={65--87},
  year={2001},
  publisher={EMW Publishing}
}

@phdthesis{rahimi2011finite,
    title={The Finite Integration Technique (FIT) and the Application in Lithography Simulations},
    author={Zhabiz Rahimi},
    year={2011},
    school={Technischen Fakult{\"a}t der Universit{\"a}t Erlangen-N{\"u}rnberg}
}

@inproceedings{dmitriev2016direct,
  title={Direct Femtosecond Laser Writing of Optical Nanoresonators},
  author={Dmitriev, PA and Makarov, SV and Milichko, VA and Mukhin, IS and Samusev, AK and Krasnok, AE and Belov, PA},
  booktitle={Journal of Physics: Conference Series},
  volume={690},
  number={1},
  pages={012021},
  year={2016},
  organization={IOP Publishing}
}

@article{makarov2016controllable,
  title={Controllable femtosecond laser-induced dewetting for plasmonic applications},
  author={Makarov, Sergey V and Milichko, Valentin A and Mukhin, Ivan S and Shishkin, Ivan I and Zuev, Dmitry A and Mozharov, Alexey M and Krasnok, Alexander E and Belov, Pavel A},
  journal={Laser \& Photonics Reviews},
  volume={10},
  number={1},
  pages={91--99},
  year={2016},
  publisher={Wiley Online Library}
}

@article{shi2013monodisperse,
  title={Monodisperse silicon nanocavities and photonic crystals with magnetic response in the optical region},
  author={Shi, Lei and Harris, Justin T and Fenollosa, Roberto and Rodriguez, Isabelle and Lu, Xiaotang and Korgel, Brian A and Meseguer, Francisco},
  journal={Nature communications},
  volume={4},
  pages={1904},
  year={2013},
  publisher={Nature Research}
}

@article{li1980refractive,
  title={Refractive index of silicon and germanium and its wavelength and temperature derivatives},
  author={Li, HH},
  journal={Journal of Physical and Chemical Reference Data},
  volume={9},
  number={3},
  pages={561--658},
  year={1980},
  publisher={NIST}
}

@incollection{harilal2014femtosecond,
  title={Femtosecond laser ablation: Fundamentals and applications},
  author={Harilal, Sivanandan S and Freeman, Justin R and Diwakar, Prasoon K and Hassanein, Ahmed},
  booktitle={Laser-Induced Breakdown Spectroscopy},
  pages={143--166},
  year={2014},
  publisher={Springer}
}
